<collection xmlns="http://www.loc.gov/MARC21/slim">
<record>
  <leader>01627nam0a22002651i 450 </leader>
  <controlfield tag="001">IT\ICCU\CNCE\041567</controlfield>
  <controlfield tag="005">20080821000000.0</controlfield>
  <datafield tag="012" ind1=" " ind2=" ">
    <subfield code="a">.Gi- .Eel paeS 3156 (3) 1560 (A)</subfield>
    <subfield code="2">fei</subfield>
  </datafield>
  <datafield tag="100" ind1=" " ind2=" ">
    <subfield code="a">19981127d1560        0itac0103    ba</subfield>
  </datafield>
  <datafield tag="101" ind1=" " ind2=" ">
    <subfield code="a">LAT</subfield>
  </datafield>
  <datafield tag="102" ind1=" " ind2=" ">
    <subfield code="a">IT</subfield>
  </datafield>
  <datafield tag="200" ind1="1" ind2=" ">
    <subfield code="a">Magistri sententiarum libri quatuor. Petro Lombardo episcopo Parisiensi authore:  labore Ioannis Aleume, Parisiensis theologiae professoris  ̉mendis non paucis ex vetustis codicum collatione repurgatorum. Adiunximus singulis libris titulos, quibus capitadistinguntur ex authoris sententia. Ad calcem operis subiciuntur articuli erronei, Parisiis iam olim damnati, atque ab eorum assertoribus recantati: Adiectis nonnullis ipsius magistri, in quibus communiter non approbatur. Cum indice copiosissimo</subfield>
  </datafield>
  <datafield tag="210" ind1=" " ind2=" ">
    <subfield code="a">Venetiis</subfield>
    <subfield code="c">apud Camillum &amp; Franciscum Franceschinis</subfield>
    <subfield code="d">1560</subfield>
  </datafield>
  <datafield tag="215" ind1=" " ind2=" ">
    <subfield code="a">\7!, 456, \2! c.</subfield>
    <subfield code="d">8ʻ</subfield>
  </datafield>
  <datafield tag="300" ind1=" " ind2=" ">
    <subfield code="a">siglata al n. 41573</subfield>
  </datafield>
  <datafield tag="620" ind1=" " ind2=" ">
    <subfield code="a">IT</subfield>
    <subfield code="d">Venezia</subfield>
  </datafield>
  <datafield tag="700" ind1=" " ind2="0">
    <subfield code="a">Petrus</subfield>
    <subfield code="c"> : Lombardus</subfield>
    <subfield code="3">IT\ICCU\CNCA\001200</subfield>
  </datafield>
  <datafield tag="702" ind1=" " ind2="1">
    <subfield code="a">Aleaume,</subfield>
    <subfield code="b">Jean</subfield>
    <subfield code="3">IT\ICCU\CNCA\010051</subfield>
  </datafield>
  <datafield tag="712" ind1="0" ind2="0">
    <subfield code="a">Franceschini, Camillo &amp; Franceschini, Francesco</subfield>
    <subfield code="3">IT\ICCU\CNCT\000556</subfield>
    <subfield code="4">650</subfield>
  </datafield>
  <datafield tag="790" ind1=" " ind2="1">
    <subfield code="a">Lombardo,</subfield>
    <subfield code="b">Pietro</subfield>
    <subfield code="3">IT\ICCU\CNCA\014805</subfield>
    <subfield code="z">Petrus : Lombardus</subfield>
  </datafield>
  <datafield tag="790" ind1=" " ind2="0">
    <subfield code="a">Pietro</subfield>
    <subfield code="c"> : Lombardo</subfield>
    <subfield code="3">IT\ICCU\CNCA\014843</subfield>
    <subfield code="z">Petrus : Lombardus</subfield>
  </datafield>
  <datafield tag="801" ind1=" " ind2="3">
    <subfield code="a">IT</subfield>
    <subfield code="b">ICCU</subfield>
    <subfield code="c">20201114</subfield>
  </datafield>
  <datafield tag="899" ind1=" " ind2=" ">
    <subfield code="a">Biblioteca della Societ ̉economica. Chiavari</subfield>
    <subfield code="1">GE0011</subfield>
    <subfield code="2">LI3 30</subfield>
  </datafield>
  <datafield tag="911" ind1=" " ind2=" ">
    <subfield code="a">sul front.</subfield>
    <subfield code="9">IT\ICCU\CNCM\000421</subfield>
  </datafield>
  <datafield tag="921" ind1=" " ind2=" ">
    <subfield code="a">IT\ICCU\CNCM\000421</subfield>
    <subfield code="b">Pellicano si squarcia il petto per nutrire i piccoli.</subfield>
    <subfield code="e">Offendo me per voi solo nutrire.</subfield>
    <subfield code="c">V352</subfield>
    <subfield code="c">Z954</subfield>
    <subfield code="d">Dimensioni: 5,2 x 6</subfield>
    <subfield code="f">OFFENDOMEP</subfield>
    <subfield code="f">PELLICANO</subfield>
    <subfield code="g">1565-1578</subfield>
  </datafield>
</record>
</collection>
